@article{margaris2014parallel,
  title={Parallel implementations of the jacobi linear algebraic systems solve},
  author={Margaris, Athanasios and Souravlas, Stauros and Roumeliotis, Manos},
  journal={arXiv preprint arXiv:1403.5805},
  year={2014}
}